@online{xv6_book,
    author = "{{Cox, Kaashoek, Morris}}",
    title = "{xv6: a simple, Unix-like teaching operating system}.",
    year = {2022},
    publisher =  {MIT PDOS},
    url = {https://github.com/mit-pdos/xv6-riscv-book},
}

@software{xv6,
  author = {{MIT PDOS}},
  title = {xv6-riscv},
  url = {https://github.com/mit-pdos/xv6-riscv},
  date = {2022-08-25},
}

@online{learn_os_with_me,
    author = "{{Peng Xiaying}}",
    title = "{Learn OS with me}.",
    year = {2020},
    url = {https://xiayingp.gitbook.io/build_a_os/os-interfaces/os-interfaces},
}

// Contenidos RISC-V
@book{riscv,
 author = {Patterson, David and Waterman, Andrew},
 title = {The {RISC-V} Reader: an open architecture Atlas},
 year = {2017},
 isbn = {099924910X, 9780999249109},
 publisher = {Strawberry Canyon},
}

@document{riscv:priv,
  title = {The {RISC-V} instruction set manual {Volume II}: privileged architecture},
  editor = {Andrew Waterman and Krste Asanovic and John Hauser},
  year = 2021,
  howpublished = {\url{https://github.com/riscv/riscv-isa-manual/releases/download/Priv-v1.12/riscv-privileged-20211203.pdf}}
}

@document{riscv:user,
  title = {The {RISC-V} instruction set manual {Volume I}: unprivileged {ISA}},
  editor = {Andrew Waterman and Krste Asanovic},
  year = 2019,
  howpublished={\url{https://github.com/riscv/riscv-isa-manual/releases/download/Ratified-IMAFDQC/riscv-spec-20191213.pdf}}
}
