@online{xv6_book,
    author = "{{Cox, Kaashoek, Morris}}",
    title = "{xv6: a simple, Unix-like teaching operating system}.",
    year = {2022},
    publisher =  {MIT PDOS},
    url = {https://github.com/mit-pdos/xv6-riscv-book},
}

@software{xv6,
  author = {{MIT PDOS}},
  title = {xv6-riscv},
  url = {https://github.com/mit-pdos/xv6-riscv},
  date = {2022-08-25},
}

@online{learn_os_with_me,
    author = "{{Peng Xiaying}}",
    title = "{Learn OS with me}.",
    year = {2020},
    url = {https://xiayingp.gitbook.io/build_a_os/os-interfaces/os-interfaces},
}

@misc{wiki:Interfaz,
   author = "Wikipedia",
   title = "{Interfaz} --- {W}ikipedia{,} The Free Encyclopedia",
   year = "2023",
   howpublished = {\url{http://es.wikipedia.org/w/index.php?title=Interfaz&oldid=152027930}},
   note = "[Online; accessed 25-June-2023]"
 }